% DO NOT DELETE This File!!!

% encoding: UTF-8

@article{夏旭2006基于,
  title={基于 Google 学术搜索的引文检索研究},
  author={夏旭},
  journal={情报理论与实践},
  volume={29},
  number={6},
  pages={697--701},
  year={2006}
}

@article{孙吉贵2008聚类算法研究,
  title={聚类算法研究},
  author={孙吉贵 and 刘杰 and 赵连宇 and others},
  journal={软件学报},
  volume={19},
  number={1},
  pages={48--61},
  year={2008}
}

@inproceedings{mikolov2013distributed,
  title={Distributed representations of words and phrases and their compositionality},
  author={Mikolov, Tomas and Sutskever, Ilya and Chen, Kai and Corrado, Greg S and Dean, Jeff},
  booktitle={Advances in neural information processing systems},
  pages={3111--3119},
  year={2013}
}

@article{mikolov2013efficient,
  title={Efficient estimation of word representations in vector space},
  author={Mikolov, Tomas and Chen, Kai and Corrado, Greg and Dean, Jeffrey},
  journal={arXiv preprint arXiv:1301.3781},
  year={2013}
}