% Encoding: UTF-8

@article{邢永康2003统计语言模型综述,
  title={统计语言模型综述},
  author={邢永康 and 马少平},
  journal={计算机科学},
  volume={30},
  number={9},
  pages={22--26},
  year={2003}
}

@incollection{fink2014n,
  title={n-Gram Models},
  author={Fink, Gernot A},
  booktitle={Markov Models for Pattern Recognition},
  pages={107--127},
  year={2014},
  publisher={Springer}
}

@article{bengio2003neural,
  title={A neural probabilistic language model},
  author={Bengio, Yoshua and Ducharme, R{\'e}jean and Vincent, Pascal and Jauvin, Christian},
  journal={Journal of machine learning research},
  volume={3},
  number={Feb},
  pages={1137--1155},
  year={2003}
}

@inproceedings{gutmann2010noise,
  title={Noise-contrastive estimation: A new estimation principle for unnormalized statistical models.},
  author={Gutmann, Michael and Hyv{\"a}rinen, Aapo},
  booktitle={AISTATS},
  volume={1},
  number={2},
  pages={6},
  year={2010}
}

@article{kumar2007rough,
  title={Rough clustering of sequential data},
  author={Kumar, Pradeep and Krishna, P Radha and Bapi, Raju S and De, Supriya Kumar},
  journal={Data \& Knowledge Engineering},
  volume={63},
  number={2},
  pages={183--199},
  year={2007},
  publisher={Elsevier}
}
@comment{jabref-meta: selector_publisher:}

@comment{jabref-meta: selector_author:}

@comment{jabref-meta: selector_journal:}

@comment{jabref-meta: selector_keywords:}

